@article{ref1,
  author = {Author My Huge},
  year = {2018},
  title = {Title of the article}
}

@article{ref2,
  author = {Author My Hoge},
  year = {2015},
  title = {Title of the article}
}
